<record><leader>00000cas a22000007a 4500</leader><controlfield tag="001">19817549</controlfield><controlfield tag="008">890605c18879999mouwr ne      0    0eng d</controlfield><datafield ind1=" " ind2=" " tag="010"><subfield code="a">sn 89066161 </subfield></datafield><datafield ind1=" " ind2=" " tag="040"><subfield code="a">MQN</subfield><subfield code="b">eng</subfield><subfield code="c">MQN</subfield><subfield code="d">OCLCQ</subfield></datafield><datafield ind1=" " ind2=" " tag="042"><subfield code="a">msc</subfield></datafield><datafield ind1="0" ind2="4" tag="245"><subfield code="a">The Braymer bee.</subfield></datafield><datafield ind1="1" ind2="3" tag="246"><subfield code="a">Weekly bee</subfield></datafield><datafield ind1=" " ind2=" " tag="260"><subfield code="a">Braymer, Mo. :</subfield><subfield code="b">D.B. Dorsey</subfield></datafield><datafield ind1=" " ind2=" " tag="300"><subfield code="a">v.</subfield></datafield><datafield ind1=" " ind2=" " tag="310"><subfield code="a">Weekly</subfield></datafield><datafield ind1="1" ind2=" " tag="362"><subfield code="a">Began in 1887?</subfield></datafield><datafield ind1=" " ind2=" " tag="588"><subfield code="a">Description based on: Vol. 12, no. 24 (Dec. 2, 1898).</subfield></datafield><datafield ind1=" " ind2=" " tag="752"><subfield code="a">United States</subfield><subfield code="b">Missouri</subfield><subfield code="c">Caldwell</subfield><subfield code="d">Braymer.</subfield></datafield><datafield ind1="0" ind2="5" tag="780"><subfield code="t">Cowgill chief</subfield><subfield code="w">(DLC)sn 86063308</subfield></datafield></record>